<?xml version="1.0" encoding="UTF-8"?><record xmlns="http://www.loc.gov/MARC21/slim" xmlns:cinclude="http://apache.org/cocoon/include/1.0" xmlns:zs="http://www.loc.gov/zing/srw/">
  <leader>00463nz  a2200133n  4500</leader>
  <controlfield tag="001">no2010046739</controlfield>
  <controlfield tag="003">DLC</controlfield>
  <controlfield tag="005">20100321074957.0</controlfield>
  <controlfield tag="008">100318n| acannaabn          |n aaa     c</controlfield>
  <datafield tag="010" ind1=" " ind2=" ">
    <subfield code="a">no2010046739</subfield>
  </datafield>
  <datafield tag="035" ind1=" " ind2=" ">
    <subfield code="a">(OCoLC)oca08431478</subfield>
  </datafield>
  <datafield tag="040" ind1=" " ind2=" ">
    <subfield code="a">IEN</subfield>
    <subfield code="b">eng</subfield>
    <subfield code="c">IEN</subfield>
  </datafield>
  <datafield tag="100" ind1="1" ind2=" ">
    <subfield code="a">Sékaï, Zalia</subfield>
  </datafield>
  <datafield tag="670" ind1=" " ind2=" ">
    <subfield code="a">Autopsie d'un exil algérien, 2010:</subfield>
    <subfield code="b">t.p. (Zalia Sékaï) p. 4 of cover (has written a children's play, en Attendant l'algérie, and articles notably on Kateb Yacine)</subfield>
  </datafield>
</record>